<collection xmlns="http://www.loc.gov/MARC21/slim">
<record>
  <leader>01623nam0a2200253 i 450 </leader>
  <controlfield tag="001">IT\ICCU\CNCE\078117</controlfield>
  <controlfield tag="005">20130611000000.0</controlfield>
  <datafield tag="012" ind1=" " ind2=" ">
    <subfield code="a">reta 6.in cupe supr (3) 1568 (R)</subfield>
    <subfield code="2">fei</subfield>
  </datafield>
  <datafield tag="100" ind1=" " ind2=" ">
    <subfield code="a">20130611d1568        0itac0103    ba</subfield>
  </datafield>
  <datafield tag="101" ind1=" " ind2=" ">
    <subfield code="a">LAT</subfield>
  </datafield>
  <datafield tag="102" ind1=" " ind2=" ">
    <subfield code="a">IT</subfield>
  </datafield>
  <datafield tag="200" ind1="1" ind2=" ">
    <subfield code="a">Io. Christophori Portij Papiensis, iurecons. clarissimi In tres priores Institutionum diui Iustiniani libros commentaria. Nunc ab omnibus erroribus maxima diligentia emendata, vn ̉cum Iasonis Mayni, &amp; Nicolai Superantij equitis Hierosolymitani, patricijque Veneti annotationibus, ac remissionibus ad omnia opera Nicolai Belloni senatoris Mediolanensis ordinarij. Additis nouissime per Io. Baptistam Zilettum Venetum apostillis, quae tali manicula indicantur, cum summarijs &amp; indice omnium materiarum multo qum̉ antea plenioribus</subfield>
  </datafield>
  <datafield tag="210" ind1=" " ind2=" ">
    <subfield code="a">Venetijs</subfield>
    <subfield code="c">\al segno del Mappamondo!</subfield>
    <subfield code="d">1568</subfield>
  </datafield>
  <datafield tag="215" ind1=" " ind2=" ">
    <subfield code="a">\34!, 186, \2! c.</subfield>
    <subfield code="d">fol</subfield>
  </datafield>
  <datafield tag="620" ind1=" " ind2=" ">
    <subfield code="a">IT</subfield>
    <subfield code="d">Venezia</subfield>
  </datafield>
  <datafield tag="700" ind1=" " ind2="1">
    <subfield code="a">Porzio,</subfield>
    <subfield code="b">Cristoforo</subfield>
    <subfield code="3">IT\ICCU\CNCA\007247</subfield>
  </datafield>
  <datafield tag="712" ind1="0" ind2="2">
    <subfield code="a">℗al segno del ℗Mappamondo</subfield>
    <subfield code="3">IT\ICCU\CNCT\003537</subfield>
    <subfield code="4">650</subfield>
  </datafield>
  <datafield tag="790" ind1=" " ind2="1">
    <subfield code="a">Porcius,</subfield>
    <subfield code="b">Cristophorus</subfield>
    <subfield code="3">IT\ICCU\CNCA\010676</subfield>
    <subfield code="z">Porzio, Cristoforo</subfield>
  </datafield>
  <datafield tag="790" ind1=" " ind2="1">
    <subfield code="a">Portius,</subfield>
    <subfield code="b">Christophorus Iohannes</subfield>
    <subfield code="3">IT\ICCU\CNCA\012690</subfield>
    <subfield code="z">Porzio, Cristoforo</subfield>
  </datafield>
  <datafield tag="790" ind1=" " ind2="1">
    <subfield code="a">Portius,</subfield>
    <subfield code="b">Joannes Christophorus</subfield>
    <subfield code="3">IT\ICCU\CNCA\023172</subfield>
    <subfield code="z">Porzio, Cristoforo</subfield>
  </datafield>
  <datafield tag="801" ind1=" " ind2="3">
    <subfield code="a">IT</subfield>
    <subfield code="b">ICCU</subfield>
    <subfield code="c">20201115</subfield>
  </datafield>
  <datafield tag="899" ind1=" " ind2=" ">
    <subfield code="a">Biblioteca comunale Antonio Baldini. Santarcangelo di Romagna</subfield>
    <subfield code="1">RN0028</subfield>
    <subfield code="2">RAV ST</subfield>
  </datafield>
  <datafield tag="911" ind1=" " ind2=" ">
    <subfield code="a">Sul front.</subfield>
    <subfield code="9">IT\ICCU\CNCM\000371</subfield>
  </datafield>
  <datafield tag="921" ind1=" " ind2=" ">
    <subfield code="a">IT\ICCU\CNCM\000371</subfield>
    <subfield code="b">Mappamondo sormontato da un compasso</subfield>
    <subfield code="e">Non ultra.</subfield>
    <subfield code="c">T39</subfield>
    <subfield code="d">Dimensioni: 4,3 x 4,5</subfield>
    <subfield code="f">COMPASSO</subfield>
    <subfield code="f">MAPPAMONDO</subfield>
    <subfield code="f">NONULTRA</subfield>
    <subfield code="g">1560-1568</subfield>
  </datafield>
</record>
</collection>
